@string{PR = "Phys. Rev."}
@string{PRL = "Phys. Rev. Lett."}

@book{Franklin:ch1,
    author =    {Allan Franklin},
    title =     {Are There Really Neutrinos?},
    publisher = {PERSEUS},
    year =      {2000}
}

@book{pdg,
    author =    {W-M Yao et al. (Particle Data Group)},
    title =     {Journal of Physics G: Nuclear and Particle Physics Vol33 July 2006 Pp1-1232 (Complete volume) Review of Particle Physics},
    publisher = {Institute of Physics},
    year =      {2006}
}

@article{Fkuda:1998,
    author  =   "Y. Fukuda et al. (SuperK Collaboration)",
    title   =   "Evidence for Oscillation of Atmospheric Neutrinos",
    number  =   {8},
    volume  =   {81},
    year    =   {1998},
    journal =   {Phys. Rev. Lett.}
}

@article{SNO:2001,
    author  =   "Q. R. Ahmad et al. (SNO collaboration)",
    title   =   "Measurement of the Rate of $\nu_e + d \rightarrow p + p + e^{-}$
Interactions Produced by $^{8}{B}$ Solar Neutrinos at the Sudbury Neutrino Observatory",
    number  =   {7},
    volume  =   {87},
    year    =   {2001},
    journal =   {Phys. Rev. Lett.}
}



@book{Perkins:ch1,
    author =    {Donald H. Perkins},
    title =     {Introduction to High Energy Physics},
    publisher = {Cambridge},
    year =      {2003},
    edition =   {4th}
}

@book{Vahle:ch1,
    editor =    {Jennifoer A Thomas and Patricia L Vahle},
    title =     {NEUTRINO OSCILLATIONS},
    publisher = {World Scientific},
    year =      {2008}
}


@article{Scott:1935,
    author =    {F. A. Scott},
    title =     "Energy Spectrum of the Beta Rays of Radium E",
    number =    {391},
    volume =    {48},
    year =      {1935},
    journal =   PR

}

@manual{DYBProposal:2007,
    author =    {Daya Bay Collaboration},
    title =     {A Precision Measurement of the Neutrino Mixing Angle theta\_13 using Reactor Antineutrinos at Daya Bay},
    year =      {arXiv:hep-ex/0701029v1}
}

@article{RTMethod,
    author  =   "Joanne C. Zwinkels and W. F. Davidson and C. X. Dodd",
    title   =   "Optical properties of UV transmitting acrylics for use in a heavy water Cerenkov detector",
    number  =   {22},
    volume  =   {29},
    year    =   {1990},
    journal =   {APPLIED OPTICS}

}

@misc{Labsphere,
    author  =   "Labsphere Inc. Website",
    title   =   "http://www.labsphere.com/"
}

@booklet{SphereAccessories,
    author  =   {PerkinElmer Inc.},
    title   =   "Sphere Accessories User's Guide",
    year    =   {2007}
}
    

@manual{TDR,
    author =    {Dayabay collaborators},
    title =     "Technical Design Review",
    edition =   {Second},
    year =      {2008}

}

@misc{R5912,
    author =    {Hamamatsu Photonics K.K. Website},
    title =     {http://www.hamamatsu.com/}
}

@misc{ESR,
    author =    {3M Website},
    title =     {http://www.3m.com}
}

@misc{MiroSilver,
    author =    {ALANOD},
    title =     {http://www.alanod.com/}
}

@unpublished{tyvek,
    author =    {S. P. Stoll},
    title =     {An Investigation of the Reflective Properties of Tyvek Papers and Tetrates PTFE Film},
    note =      {PHENIX Note No.245}
}

@unpublished{DocDB:3691v1,
    author =    {Liangjian Wen and Xiao Tang and Yuekun Heng and Jun Cao},
    title =     {Reflectors Fabrication Progress},
    note =      {Dayabay Document 3691-v1}
}

@book{acrylic:handbook,
    author =    {Jerry D. Stachiw},
    title =     {Handbook of Acrylics for Submersibles, Hyperbaric Chambers, and Aquaria},
    publisher = {Best Publishing Company},
    year =      {December 2003}
}
