%
% THIS IS NOT USED : AS IT TURNS OUT THAT BIBTEX IS TOTALLY USELESS : DOING NAME MANGLING : 
% WITH THE EPJCONF woc.bst THAT ARE INSTUCTED TO USE
% THIS STICK WITH THE TRADIUTIONAL APPROACH 
%
%
%1
@misc{opticksURL,
   title={Opticks Repository}, 
   url={https://bitbucket.org/simoncblyth/opticks/}
}
%2
@misc{opticksGroup,
   title={Opticks Group}, 
   url={https://groups.io/g/opticks}
}
%3
@article{g4A,
    author={Agostinelli S and Allison J and Amako K and Apostolakis J and Araujo H and Arce P and et al.},
    title={Geant4--a simulation toolkit},
    journal={Nucl Instrum Methods Phys Res A}, 
    volume={506}, 
    year={2003},
    pages={250--303}
}
%4
@article{g4B,
    author={Allison J, Amako K, Apostolakis J, Araujo H, Dubois P, Asai M, et al.},
    title={Geant4 developments and applications}, 
    journal={IEEE Trans Nucl Sci},
    volume={53}, 
    year={2006},
    pages={270--8}
}
%5
@article{g4C,
    author={Allison J, Amako K, Apostolakis J, Arce P, Asai M, Aso T, et al.},
    title={Recent developments in Geant4}, 
    year={2016},
    journal={Nucl Instrum Methods Phys Res A}, 
    volume={835},
    pages={186--225},
}    
%6
@article{optixPaper,
    author={Parker S, Bigler J, Dietrich A, Friedrich H, Hoberock J, et al.},
%Luebke D, McAllister D, McGuire M, Morley K, Robison A and Stich M 
    title={OptiX: a general purpose ray tracing engine},
    year={2010},   
    journal={ACM Trans. Graph. : Conf. Series},
    volume={29},
    pages={66}
}
%7
@misc{optixSite,
     title={OptiX introduction}, 
     url={https://developer.nvidia.com/optix}
}
%8
@misc{optixDocs,
     title={OptiX API}, 
     url={http://raytracing-docs.nvidia.com/optix/index.html}
}
%9
@misc{rtx,
     title={NVIDIA RTX}, 
     url={https://developer.nvidia.com/rtx}
}
%10
@article{chep2016
     author={Blyth Simon C}, 
     year={2017}, 
     journal={J. Phys.: Conf. Ser.},
     volume={898}, 
     pages={042001}
}
%11
@article{dyb,
    author={An F, et al.},
    title={The detector system of the Daya Bay reactor neutrino experiment},
    year={2016},
    journal={Nucl Instrum Methods A},
    volume={811}, 
    pages={133--161}
}
%12
@article{juno,
    author={An F et al.}, 
    year={2016},
    title={Neutrino physics with JUNO},
    journal={J Phys G},
    volume={43},
    pages={030401},
}
%13
@article{throughput,
   author={M. Garland and D. B. Kirk},
   title={Understanding Throughput Oriented Architectures}, 
   journal={COMMUN ACM},
   volume={53},
   number={11},
   year={2010}, 
   pages={58-66},
}  	
%14
@misc{thrust,
    author={Bell N and Hoberock J},
    year={2011},
    title={Thrust: a Productivity-Oriented Library for CUDA (GPU Computing Gems Jade Edition) ed W W Hwu, Chapter 26}
}
%15
@misc{kensler,
     author={A. Kensler with corrections by author of XRT Raytracer}, 
     title={Ray Tracing CSG Objects Using Single Hit Intersections},
     year={2006}, 
     url={http://xrt.wikidot.com/doc:csg},
}
%16
@misc{curandURL,
    title={cuRAND}, 
    url={http://docs.nvidia.com/cuda/curand/index.html}
}
%17
@article{numpy,
     author={Van der Walt S, Colbert S, Varoquaux G},
     year={2011}, 
     title={The NumPy array: a structure for efficient numerical computation},
     journal={Comput. Sci. Eng.},
     volume={13},
     pages={22--30},
}
%18
@misc{CMake,
     title={CMake website}, 
     url={https://cmake.org}
}
%19
@misc{BCM,
     title={Fork of Boost CMake Modules},  
     url={https://github.com/simoncblyth/bcm},
}
%
